<?xml version="1.0" encoding="UTF-8"?><collection xmlns="http://www.loc.gov/MARC21/slim"><record><leader>00640nam--2200205-i-4500</leader><controlfield tag="001">000036989</controlfield><controlfield tag="002">20161230</controlfield><controlfield tag="005">20161230201041</controlfield><controlfield tag="008">060222s1000------------r-----000-0-rum-d</controlfield><datafield ind1=" " ind2=" " tag="040"><subfield code="a">IFIN-HH</subfield></datafield><datafield ind1=" " ind2=" " tag="041"><subfield code="a">rum</subfield></datafield><datafield ind1=" " ind2=" " tag="080"><subfield code="a">621.318.1:537.8(061.3)</subfield></datafield><datafield ind1="1" ind2=" " tag="110"><subfield code="a">Institutul De Cercetare Stiintifica Si Inginerie Tehnologica Pentru Industria Electrotehnica</subfield></datafield><datafield ind1="1" ind2="0" tag="245"><subfield code="a">Primul simpozion national de materiale magnetice. bucuresti 16-18 mai 1979</subfield></datafield><datafield ind1=" " ind2=" " tag="260"><subfield code="a">Bucuresti</subfield><subfield code="b">Micm - Icpe</subfield><subfield code="c">1979</subfield></datafield><datafield ind1=" " ind2=" " tag="300"><subfield code="a">3 VOLUME</subfield></datafield><datafield ind1="1" ind2=" " tag="787"><subfield code="a">Vol.3</subfield><subfield code="d">/526p./744p</subfield></datafield><datafield ind1=" " ind2=" " tag="787"><subfield code="a">Vol. 2</subfield><subfield code="d">/310p./525p</subfield></datafield><datafield ind1=" " ind2=" " tag="852"><subfield code="a">46691</subfield><subfield code="c">539.2</subfield></datafield><datafield ind1=" " ind2=" " tag="CAT"><subfield code="a">Sys</subfield><subfield code="c">20121030</subfield><subfield code="h">151111</subfield></datafield></record></collection>